<record><leader>00000cas a2200000 a 4500</leader><controlfield tag="001">22266294</controlfield><controlfield tag="008">900823d19151922wauwr ne      0    0eng d</controlfield><datafield ind1=" " ind2=" " tag="010"><subfield code="a">sn 90099782 </subfield></datafield><datafield ind1=" " ind2=" " tag="040"><subfield code="a">SLZ</subfield><subfield code="b">eng</subfield><subfield code="c">SLZ</subfield><subfield code="d">OCL</subfield><subfield code="d">OCLCQ</subfield><subfield code="d">OCLCF</subfield><subfield code="d">OCLCO</subfield></datafield><datafield ind1="1" ind2=" " tag="029"><subfield code="a">AU@</subfield><subfield code="b">000025885265</subfield></datafield><datafield ind1=" " ind2=" " tag="042"><subfield code="a">msc</subfield></datafield><datafield ind1=" " ind2=" " tag="043"><subfield code="a">n-us-wa</subfield></datafield><datafield ind1="0" ind2=" " tag="130"><subfield code="a">Advocate news (Sumas, Wash.)</subfield></datafield><datafield ind1="1" ind2="4" tag="245"><subfield code="a">The advocate-news.</subfield></datafield><datafield ind1=" " ind2=" " tag="260"><subfield code="a">Sumas, Wash. :</subfield><subfield code="b">A.J. Hicks &amp; Sons</subfield></datafield><datafield ind1=" " ind2=" " tag="300"><subfield code="a">v.</subfield></datafield><datafield ind1=" " ind2=" " tag="310"><subfield code="a">Weekly</subfield></datafield><datafield ind1=" " ind2=" " tag="588"><subfield code="a">Description based on: Vol. 32, no. 39 (Jan 6, 1922).</subfield></datafield><datafield ind1=" " ind2="0" tag="651"><subfield code="a">Sumas (Wash.)</subfield><subfield code="v">Newspapers.</subfield></datafield><datafield ind1=" " ind2="7" tag="655"><subfield code="a">Newspapers.</subfield><subfield code="2">fast</subfield><subfield code="0">(OCoLC)fst01423814</subfield></datafield><datafield ind1=" " ind2="7" tag="651"><subfield code="a">Washington (State)</subfield><subfield code="z">Sumas.</subfield><subfield code="2">fast</subfield><subfield code="0">(OCoLC)fst01287731</subfield></datafield><datafield ind1=" " ind2=" " tag="752"><subfield code="a">United States</subfield><subfield code="b">Washington</subfield><subfield code="c">Whatcom</subfield><subfield code="d">Sumas.</subfield></datafield><datafield ind1="0" ind2="4" tag="780"><subfield code="t">Sumas news</subfield><subfield code="w">(DLC)sn 90099738</subfield></datafield><datafield ind1="0" ind2="4" tag="780"><subfield code="t">Sumas advocate.</subfield></datafield></record>